<?xml version="1.0" encoding="UTF-8"?><collection xmlns="http://www.loc.gov/MARC21/slim"><record><leader>00606nam--2200169-i-4500</leader><controlfield tag="001">000047735</controlfield><controlfield tag="002">20161230</controlfield><controlfield tag="005">20161230201046</controlfield><controlfield tag="008">060222s1000------------r-----000-0-eng-d</controlfield><datafield ind1=" " ind2=" " tag="040"><subfield code="a">IFIN-HH</subfield></datafield><datafield ind1=" " ind2=" " tag="080"><subfield code="a">537.531(083.5)</subfield></datafield><datafield ind1="1" ind2=" " tag="110"><subfield code="a">General Electric</subfield></datafield><datafield ind1="1" ind2="0" tag="245"><subfield code="a">X-ray wavelengths for spectrometer bragg angles for crystals, adp, edt, quartz 6.68, si, nacl, lif, quarts 2.75, topaz including x-ray abrsoption edges and all principle x-ray emission lines</subfield></datafield><datafield ind1=" " ind2=" " tag="260"><subfield code="a">Wisconsin</subfield><subfield code="b">X-ray Departement General Electric Co</subfield><subfield code="c">1959</subfield></datafield><datafield ind1=" " ind2=" " tag="300"><subfield code="a">VIII+448P</subfield></datafield><datafield ind1=" " ind2=" " tag="852"><subfield code="a">44504</subfield><subfield code="c">H.H</subfield></datafield><datafield ind1=" " ind2=" " tag="CAT"><subfield code="a">Sys</subfield><subfield code="c">20130409</subfield><subfield code="h">174306</subfield></datafield></record></collection>